@misc{bitcoin_mining,
  author = {99 BITCOINS},
  title = {What is Bitcoin Mining and How Does it Work?},
  url = {https://99bitcoins.com/bitcoin-mining/},
  note = {[Accessed 05/07/2021]}
}

@misc{bitcoin_mining_work,
  author = {Investopedia},
  title = {How Does Bitcoin Mining Work?},
  url = {https://www.investopedia.com/tech/how-does-bitcoin-mining-work/#:~:text=Bitcoin\%20mining\%20is\%20the\%20process,extremely\%20complex\%20computational\%20math\%20problems.},
  note = {[Accessed 05/07/2021]}
}

@misc{bitcoin_mining_2,
  author = {Investopedia},
  title = {Bitcoin Mining},
  url = {https://www.investopedia.com/terms/b/bitcoin-mining.asp},
  note = {[Accessed 05/07/2021]}
}

@misc{medium,
  author = {Ethan},
  title = {Crypto Mining 101: Calculating Profitability},
  url = {https://medium.com/london-blockchain-labs/mining-101-calculating-profitability-7df1ff064279},
  note = {[Accessed 05/07/2021]}
}

@misc{bitcoin,
  author = {Bitcoin},
  title = {Bitcoin},
  url = {https://bitcoin.org/en/},
  note = {[Accessed 05/07/2021]}
}

@misc{bitcoin_m,
  author = {Bitcoin Mining},
  title = {How Bitcoin Mining Works},
  url = {https://www.bitcoinmining.com/},
  note = {[Accessed 05/07/2021]}
}

@misc{bitcoin_m,
  author = {Bitcoin Mining},
  title = {How Bitcoin Mining Works},
  url = {https://www.bitcoinmining.com/},
  note = {[Accessed 05/07/2021]}
}

@misc{forbes,
  author = {Forbes},
  title = {An Overview Of Mining: CPU, GPU And ASIC},
  url = {https://www.forbes.com/sites/theyec/2020/07/23/an-overview-of-mining-cpu-gpu-and-asic/},
  note = {[Accessed 07/07/2021]}
}

@misc{mining_2,
  author = {Bitcoin Wiki},
  title = {Mining},
  url = {https://en.bitcoin.it/wiki/Mining},
  note = {[Accessed 07/07/2021]}
}

@misc{mining_3,
  author = {Bitcoin Wiki},
  title = {Why a GPU mines faster than a CPU},
  url = {https://en.bitcoin.it/wiki/Why_a_GPU_mines_faster_than_a_CPU},
  note = {[Accessed 07/07/2021]}
}

@misc{mining_software,
  author = {Software Testing Help},
  title = {Top 10 BEST Bitcoin Mining Software [2021 RANKINGS]},
  url = {https://www.softwaretestinghelp.com/bitcoin-mining-software/},
  note = {[Accessed 07/07/2021]}
}

@misc{wallets,
  author = {Guru99},
  title = {BEST Crypto Wallets: Top 20 Bitcoin Wallets App for 2021},
  url = {https://www.guru99.com/best-bitcoin-cryptocurrency-wallets.html},
  note = {[Accessed 07/07/2021]}
}

@misc{mining_hardware,
  author = {CryptoTrader.Tax},
  title = {The 10 Best Bitcoin Mining Hardware Machines 2021},
  url = {https://cryptotrader.tax/blog/best-bitcoin-mining-hardware},
  note = {[Accessed 07/07/2021]}
}

@misc{mining_hardware,
  author = {Simplilearn},
  title = {Bitcoin Mining Explained},
  url = {https://www.simplilearn.com/bitcoin-mining-explained-article},
  note = {[Accessed 07/07/2021]}
}

@article{1,
    author = "Cyril Grunspan, Ricardo PÃ©rez-Marco",
    title = "The mathematics of Bitcoin",
    year = "2020",
    DOI = "hal-02486029f"
}